@article{hatem,
	author = {Hatem, Mezaache and Abdessemed, Foudil},
	year = {2009},
	month = {01},
	pages = {},
	title = {Simulation of the Navigation of a Mobile Robot by the QLearning using Artificial 				Neuron Networks.},
	volume = {547}
}
@misc{wiki:mdp,
  author = {{W}ikipedia{,} The Free Encyclopedia},
  title = "Markov decision proces",
  year = "2018",
  url = {https://en.wikipedia.org/wiki/Markov_decision_process},
  note = "[Online; accessed 20-July-2018]"
}
@misc{wiki:q,
  author = {{W}ikipedia{,} The Free Encyclopedia},
  title = "Q-learning",
  year = "2018",
  url = {https://en.wikipedia.org/wiki/Q-learning},
  note = "[Online; accessed 20-July-2018]"
}